@misc{GaussMarkov,
  author = {Gauss and Markov},
  title = {{Gauss-Markov Theorem}},
  howpublished = "\url{http://en.wikipedia.org/wiki/Gauss–Markov_theorem}",
  year = {},
  note = "[Online; accessed Nov-10-2014]"
}

@article{SVTReview,
  title = "The CDF Silicon Vertex Trigger",
  journal = "Nuclear Instruments and Methods in Physics Research Section A: Accelerators, Spectrometers, Detectors and Associated Equipment",
  volume = "518",
  number = "1–2",
  pages = "532 - 536",
  year = "2004",
  note = "Frontier Detectors for Frontier Physics: Proceedings",
  issn = "0168-9002",
  doi = "http://dx.doi.org/10.1016/j.nima.2003.11.078",
  url = "http://www.sciencedirect.com/science/article/pii/S0168900203029450",
  author = "Ashmanskas B et al.",
  keywords = "Trigger",
  keywords = "Data acquisition",
  keywords = "Real time pattern recognition",
  keywords = "Tracking",
  keywords = "Position-sensitive detectors "
}

@article{SVTReviewFermilab,
  author = {Ristori, Luciano and Punzi, Giovanni},
  title = {Triggering on Heavy Flavors at Hadron Colliders},
  journal = {Annual Review of Nuclear and Particle Science},
  volume = {60},
  number = {1},
  pages = {595-614},
  year = {2010},
  doi = {10.1146/annurev.nucl.012809.104501},
  URL = {http://dx.doi.org/10.1146/annurev.nucl.012809.104501},
  eprint = {http://dx.doi.org/10.1146/annurev.nucl.012809.104501}
}

@techreport{IterativeMeanAndCovariance,
  author = {Philippe Pebay},
  title = {Formulas for Robust, One-Pass Parallel Computation of Covariances and Arbitrary-Order Statistical Moments},
  institution = {Sandia National Laboratories},
  year = {2008},
  note = {SAND2008-6212},
  URL = {http://prod.sandia.gov/techlib/access-control.cgi/2008/086212.pdf}
  }